%# -*- coding: utf-8-unix -*-
@article{liu2020puzzlenet,
  title={PuzzleNet: Scene Text Detection by Segment Context Graph Learning},
  author={Liu, Hao and Guo, Antai and Jiang, Deqiang and Hu, Yiqing and Ren, Bo},
  journal={arXiv preprint arXiv:2002.11371},
  year={2020}
}
@article{liu2020abcnet,
  title={ABCNet: Real-time Scene Text Spotting with Adaptive Bezier-Curve Network},
  author={Liu, Yuliang and Chen, Hao and Shen, Chunhua and He, Tong and Jin, Lianwen and Wang, Liangwei},
  journal={arXiv preprint arXiv:2002.10200},
  year={2020}
}
@article{qiao2020text,
  title={Text Perceptron: Towards End-to-End Arbitrary-Shaped Text Spotting},
  author={Qiao, Liang and Tang, Sanli and Cheng, Zhanzhan and Xu, Yunlu and Niu, Yi and Pu, Shiliang and Wu, Fei},
  journal={arXiv},
  pages={arXiv--2002},
  year={2020}
}
@article{zhang2020efficient,
  title={Efficient Scene Text Detection with Textual Attention Tower},
  author={Zhang, Liang and Liu, Yufei and Xiao, Hang and Yang, Lu and Zhu, Guangming and Shah, Syed Afaq and Bennamoun, Mohammed and Shen, Peiyi},
  journal={arXiv preprint arXiv:2002.03741},
  year={2020}
}
@article{long2020new,
  title={A New Perspective for Flexible Feature Gathering in Scene Text Recognition Via Character Anchor Pooling},
  author={Long, Shangbang and Guan, Yushuo and Bian, Kaigui and Yao, Cong},
  journal={arXiv preprint arXiv:2002.03509},
  year={2020}
}
@article{dasgupta2020scale,
  title={Scale-Invariant Multi-Oriented Text Detection in Wild Scene Images},
  author={Dasgupta, Kinjal and Das, Sudip and Bhattacharya, Ujjwal},
  journal={arXiv preprint arXiv:2002.06423},
  year={2020}
}
@article{wang2020scene,
  title={Scene Text Recognition With Finer Grid Rectification},
  author={Wang, Gang},
  journal={arXiv preprint arXiv:2001.09389},
  year={2020}
}
@article{wan2019textscanner,
  title={TextScanner: Reading Characters in Order for Robust Scene Text Recognition},
  author={Wan, Zhaoyi and He, Mingling and Chen, Haoran and Bai, Xiang and Yao, Cong},
  journal={arXiv preprint arXiv:1912.12422},
  year={2019}
}
@article{hu2020gtc,
  title={GTC: Guided Training of CTC Towards Efficient and Accurate Scene Text Recognition},
  author={Hu, Wenyang and Cai, Xiaocong and Hou, Jun and Yi, Shuai and Lin, Zhiping},
  journal={arXiv preprint arXiv:2002.01276},
  year={2020}
}
@article{wang2019decoupled,
  title={Decoupled Attention Network for Text Recognition},
  author={Wang, Tianwei and Zhu, Yuanzhi and Jin, Lianwen and Luo, Canjie and Chen, Xiaoxue and Wu, Yaqiang and Wang, Qianying and Cai, Mingxiang},
  journal={arXiv preprint arXiv:1912.10205},
  year={2019}
}
@article{seytre2019texttubes,
  title={TextTubes for Detecting Curved Text in the Wild},
  author={Seytre, Jo{\"e}l and Wu, Jon and Achille, Alessandro},
  journal={arXiv preprint arXiv:1912.08990},
  year={2019}
}
@InProceedings{Feng_2019_ICCV,
author = {Feng, Wei and He, Wenhao and Yin, Fei and Zhang, Xu-Yao and Liu, Cheng-Lin},
title = {TextDragon: An End-to-End Framework for Arbitrary Shaped Text Spotting},
booktitle = {The IEEE International Conference on Computer Vision (ICCV)},
month = {October},
year = {2019}
}
@InProceedings{Xing_2019_ICCV,
author = {Xing, Linjie and Tian, Zhi and Huang, Weilin and Scott, Matthew R.},
title = {Convolutional Character Networks},
booktitle = {The IEEE International Conference on Computer Vision (ICCV)},
month = {October},
year = {2019}
}
@inproceedings{qin2019towards,
  title={Towards unconstrained end-to-end text spotting},
  author={Qin, Siyang and Bissacco, Alessandro and Raptis, Michalis and Fujii, Yasuhisa and Xiao, Ying},
  booktitle={Proceedings of the IEEE International Conference on Computer Vision},
  pages={4704--4714},
  year={2019}
}
@inproceedings{lyu2018mask,
  title={Mask textspotter: An end-to-end trainable neural network for spotting text with arbitrary shapes},
  author={Lyu, Pengyuan and Liao, Minghui and Yao, Cong and Wu, Wenhao and Bai, Xiang},
  booktitle={Proceedings of the European Conference on Computer Vision (ECCV)},
  pages={67--83},
  year={2018}
}
@article{liao2019mask,
  title={Mask textspotter: An end-to-end trainable neural network for spotting text with arbitrary shapes},
  author={Liao, Minghui and Lyu, Pengyuan and He, Minghang and Yao, Cong and Wu, Wenhao and Bai, Xiang},
  journal={IEEE transactions on pattern analysis and machine intelligence},
  year={2019},
  publisher={IEEE}
}
@article{wang2019all,
  title={All You Need Is Boundary: Toward Arbitrary-Shaped Text Spotting},
  author={Wang, Hao and Lu, Pu and Zhang, Hui and Yang, Mingkun and Bai, Xiang and Xu, Yongchao and He, Mengchao and Wang, Yongpan and Liu, Wenyu},
  journal={arXiv preprint arXiv:1911.09550},
  year={2019}
}
@inproceedings{liu2018fots,
  title={Fots: Fast oriented text spotting with a unified network},
  author={Liu, Xuebo and Liang, Ding and Yan, Shi and Chen, Dagui and Qiao, Yu and Yan, Junjie},
  booktitle={Proceedings of the IEEE conference on computer vision and pattern recognition},
  pages={5676--5685},
  year={2018}
}
@inproceedings{he2017mask,
  title={Mask r-cnn},
  author={He, Kaiming and Gkioxari, Georgia and Doll{\'a}r, Piotr and Girshick, Ross},
  booktitle={Proceedings of the IEEE international conference on computer vision},
  pages={2961--2969},
  year={2017}
}
@inproceedings{gupta2016synthetic,
  title={Synthetic data for text localisation in natural images},
  author={Gupta, Ankush and Vedaldi, Andrea and Zisserman, Andrew},
  booktitle={Proceedings of the IEEE conference on computer vision and pattern recognition},
  pages={2315--2324},
  year={2016}
}
@article{zhong2016deeptext,
  title={Deeptext: A unified framework for text proposal generation and text detection in natural images},
  author={Zhong, Zhuoyao and Jin, Lianwen and Zhang, Shuye and Feng, Ziyong},
  journal={arXiv preprint arXiv:1605.07314},
  year={2016}
}
@inproceedings{long2018textsnake,
  title={Textsnake: A flexible representation for detecting text of arbitrary shapes},
  author={Long, Shangbang and Ruan, Jiaqiang and Zhang, Wenjie and He, Xin and Wu, Wenhao and Yao, Cong},
  booktitle={Proceedings of the European conference on computer vision (ECCV)},
  pages={20--36},
  year={2018}
}
@inproceedings{zhou2017east,
  title={EAST: an efficient and accurate scene text detector},
  author={Zhou, Xinyu and Yao, Cong and Wen, He and Wang, Yuzhi and Zhou, Shuchang and He, Weiran and Liang, Jiajun},
  booktitle={Proceedings of the IEEE conference on Computer Vision and Pattern Recognition},
  pages={5551--5560},
  year={2017}
}
@article{xu2019textfield,
  title={TextField: learning a deep direction field for irregular scene text detection},
  author={Xu, Yongchao and Wang, Yukang and Zhou, Wei and Wang, Yongpan and Yang, Zhibo and Bai, Xiang},
  journal={IEEE Transactions on Image Processing},
  volume={28},
  number={11},
  pages={5566--5579},
  year={2019},
  publisher={IEEE}
}
@inproceedings{tian2019fcos,
  title={Fcos: Fully convolutional one-stage object detection},
  author={Tian, Zhi and Shen, Chunhua and Chen, Hao and He, Tong},
  booktitle={Proceedings of the IEEE International Conference on Computer Vision},
  pages={9627--9636},
  year={2019}
}

@article{hu2020gtc,
  title={GTC: Guided Training of CTC Towards Efficient and Accurate Scene Text Recognition},
  author={Hu, Wenyang and Cai, Xiaocong and Hou, Jun and Yi, Shuai and Lin, Zhiping},
  journal={arXiv preprint arXiv:2002.01276},
  year={2020}
}

@article{wang2019decoupled,
  title={Decoupled Attention Network for Text Recognition},
  author={Wang, Tianwei and Zhu, Yuanzhi and Jin, Lianwen and Luo, Canjie and Chen, Xiaoxue and Wu, Yaqiang and Wang, Qianying and Cai, Mingxiang},
  journal={arXiv preprint arXiv:1912.10205},
  year={2019}
}

@article{wan2019textscanner,
  title={TextScanner: Reading Characters in Order for Robust Scene Text Recognition},
  author={Wan, Zhaoyi and He, Mingling and Chen, Haoran and Bai, Xiang and Yao, Cong},
  journal={arXiv preprint arXiv:1912.12422},
  year={2019}
}

@article{scatter,
author = {Litman, Ron and Anschel, Oron and Tsiper, Shahar and Litman, Roee and Mazor, Shai and Manmatha, R.},
year = {2020},
month = {03},
pages = {},
title = {SCATTER: Selective Context Attentional Scene Text Recognizer}
}
@article{2020srn,
  title={Towards Accurate Scene Text Recognition with Semantic Reasoning Networks},
  author={Deli,Yu and Xuan,Li and Chengquan,Zhang and Junyu,Han and Jingtuo,Liu and Errui,Ding},
  booktitle={Proceedings of the IEEE conference on computer vision and pattern recognition},
  year={2020}
}

@article{shi2018aster,
  title={Aster: An attentional scene text recognizer with flexible rectification},
  author={Shi, Baoguang and Yang, Mingkun and Wang, Xinggang and Lyu, Pengyuan and Yao, Cong and Bai, Xiang},
  journal={IEEE transactions on pattern analysis and machine intelligence},
  volume={41},
  number={9},
  pages={2035--2048},
  year={2018},
  publisher={IEEE}
}
